@inproceedings{RSSI1,
  author    = {Yongguang Chen and
               Hisashi Kobayashi},
  title     = {Signal strength based indoor geolocation},
  booktitle = {{IEEE} International Conference on Communications, {ICC} 2002, April
               28 - May 2, 2002, New York City, NY, {USA}},
  pages     = {436--439},
  year      = {2002},
  crossref  = {DBLP:conf/icc/2002},
  url       = {http://dx.doi.org/10.1109/ICC.2002.996891},
  doi       = {10.1109/ICC.2002.996891},
  timestamp = {Fri, 08 Mar 2013 21:30:03 +0100},
  biburl    = {http://dblp.uni-trier.de/rec/bib/conf/icc/ChenK02},
  bibsource = {dblp computer science bibliography, http://dblp.org}
}

@inproceedings{RSSI2,
 author = {Chintalapudi, Krishna and Padmanabha Iyer, Anand and Padmanabhan, Venkata N.},
 title = {Indoor Localization Without the Pain},
 booktitle = {Proceedings of the Sixteenth Annual International Conference on Mobile Computing and Networking},
 series = {MobiCom '10},
 year = {2010},
 isbn = {978-1-4503-0181-7},
 location = {Chicago, Illinois, USA},
 pages = {173--184},
 numpages = {12},
 url = {http://doi.acm.org/10.1145/1859995.1860016},
 doi = {10.1145/1859995.1860016},
 acmid = {1860016},
 publisher = {ACM},
 address = {New York, NY, USA},
 keywords = {calibration-free, indoor localization, wifi},
} 

@inproceedings{RFID,
  added-at = {2012-06-01T12:51:44.000+0200},
  author = {Bahl, Paramvir and Padmanabhan, Venkata N.},
  bibsource = {DBLP, http://dblp.uni-trier.de},
  biburl = {http://www.bibsonomy.org/bibtex/23fdc80f55964ed4e8a3c676858686d74/joe.duerr},
  booktitle = {INFOCOM},
  ee = {http://www.ieee-infocom.org/2000/papers/589.pdf},
  interhash = {0c5fa8f4e70a667260674f35a2fce303},
  intrahash = {3fdc80f55964ed4e8a3c676858686d74},
  keywords = {localization wifi},
  pages = {775-784},
  timestamp = {2012-06-01T12:51:44.000+0200},
  title = {RADAR: An In-Building RF-Based User Location and Tracking
               System},
  year = 2000
}

@INPROCEEDINGS{Push2012,
    author = {Hongbo Liu and Yu Gan and Jie Yang and Simon Sidhom and Yan Wang and Yingying Chen and Fan Ye},
    title = {Push the limit of wifi based localization for smartphones},
    booktitle = {In MobiCom (2012), ACM},
    year = {},
    pages = {305--316}
}

@online{CNNGoogle,
  author = {Isaac, Mike},
  title = {New version of Google Maps brings indoor floor plans to your phone},
  year = 2011,
  url = {http://www.cnn.com/2011/11/30/tech/mobile/new-version-google-maps-indoors-wired/},
  urldate = {2014-12-09}
}

@online{Skyhook,
  title = {Skyhook Patents},
  year = 2014,
  url = {http://www.skyhookwireless.com/patents},
  urldate = {2014-12-09}
}

@online{Microsoft,
  title = {Microsoft Indoor Locolization Competition - ISPN 2014},
  year = 2014,
  url = {http://research.microsoft.com/en-us/events/ipsn2014indoorlocalizatinocompetition/},
  urldate = {2014-12-09}
}

@online{iBeacons,
  author = {Dave Addey},
  title = {iBeacons},
  year = 2013,
  url = {http://daveaddey.com/?p=1252},
  urldate = {2014-12-09}
}




